@article{angius2017,
    author = {Angius, Luca and Hopker, James and Mauger, Alexis R.},
    title = {The ergogenic effects of transcranial direct current stimulation on exercise performance},
    journal = {Frontiers in Physiology},
    volume = {8},
    pages = {90},
    year = {2017},
    doi = {10.3389/fphys.2017.00090},
    url = {https://doi.org/10.3389/fphys.2017.00090}
}


@book{bansal2019,
    author = {Bansal, Dipali and Mahajan, Rashima},
    title = {EEG-Based Brain-Computer Interfacing (BCI)},
    publisher = {Elsevier Inc.},
    year = {2019},
    doi = {10.1016/B978-0-12-814687-3.00002-8},
    url = {http://dx.doi.org/10.1016/B978-0-12-814687-3.00002-8},
}

@article{bertollo2016,
    author = {Bertollo, Maurizio and di Fronso, Stefano and Filho, Edson and Conforto, Silvia and Schmid, Maurizio and Bortoli, Laura and Robazza, Claudio},
    title = {Proficient brain for optimal performance: the MAP model perspective},
    journal = {PeerJ},
    volume = {4},
    pages = {e2082},
    year = {2016},
    doi = {10.7717/peerj.2082},
    url = {https://doi.org/10.7717/peerj.2082},
}

@article{bonacich1972factoring,
    author = {Bonacich, P.},
    title = {Factoring and weighting approaches to status scores and clique identification},
    journal = {Journal of Mathematical Sociology},
    volume = {2},
    number = {1},
    pages = {113--120},
    year = {1972},
    doi = {10.1080/0022250X.1972.9989806},
    url = {https://doi.org/10.1080/0022250X.1972.9989806}
}

@article{bullmore2009complex,
    author = {Bullmore, E. and Sporns, O.},
    title = {Complex brain networks: graph theoretical analysis of structural and functional systems},
    journal = {Nature Reviews Neuroscience},
    volume = {10},
    number = {3},
    pages = {186--198},
    year = {2009},
    doi = {10.1038/nrn2575},
    url = {https://doi.org/10.1038/nrn2575}
}

@article{busse1952,
    author = {Busse, Ewald W. and Silverman, Albert J.},
    title = {Electroencephalographic changes in professional boxers},
    journal = {Journal of the American Medical Association},
    volume = {149},
    number = {17},
    pages = {1522--1525},
    year = {1952},
    doi = {10.1001/jama.1952.02930340006003},
    url = {https://doi.org/10.1001/jama.1952.02930340006003},
}

@article{canolty2010,
    author = {Canolty, R. T. and Knight, R. T.},
    title = {The functional role of cross-frequency coupling},
    journal = {Trends in Cognitive Sciences},
    volume = {14},
    number = {11},
    pages = {506--515},
    year = {2010},
    doi = {10.1016/j.tics.2010.09.001},
    url = {https://doi.org/10.1016%2Fj.tics.2010.09.001},
}

@article{chuang2013,
    author = {Chuang, Lan-Ya and Huang, Chung-Ju and Hung, Tsung-Min},
    title = {The differences in frontal midline theta power between successful and unsuccessful basketball free throws of elite basketball players},
    journal = {International Journal of Psychophysiology},
    volume = {90},
    number = {3},
    pages = {321--328},
    year = {2013},
    doi = {10.1016/j.ijpsycho.2013.10.002},
    url = {https://doi.org/10.1016/j.ijpsycho.2013.10.002},
}

@article{cohen2017,
    author = {Cohen, Michael X.},
    title = {Where does EEG come from and what does it mean?},
    journal = {Trends in Neurosciences},
    volume = {40},
    number = {4},
    pages = {208--218},
    year = {2017},
    doi = {10.1016/j.tins.2017.02.004},
    url = {https://doi.org/10.1016/j.tins.2017.02.004},
}

@article{criscuolo2022,
    author = {Criscuolo, Antonio and others},
    title = {Cognition through the lens of a body–brain dynamic system},
    journal = {Trends in Neurosciences},
    publisher = {CellPress},
    volume = {45},
    number = {9},
    pages = {667--677},
    year = {2022},
    month = {set.},
    doi = {10.1016/j.tins.2022.06.004},
    url = {https://doi.org/10.1016/j.tins.2022.06.004},
}

@article{datta2008,
    author = {Datta, Abhishek and others},
    title = {Transcranial current stimulation focality using disc and ring electrode configurations: FEM analysis},
    journal = {Journal of Neural Engineering},
    volume = {5},
    number = {2},
    pages = {163},
    year = {2008},
    doi = {10.1088/1741-2560/5/2/007},
    url = {https://doi.org/10.1088/1741-2560/5/2/007},
}

@article{davis2013,
    author = {Davis, Nick J.},
    title = {Neurodoping: brain stimulation as a performance-enhancing measure},
    journal = {Sports Medicine},
    volume = {43},
    number = {8},
    pages = {649-653},
    year = {2013},
    doi = {10.1007/s40279-013-0027-z},
    url = {https://doi.org/10.1007/s40279-013-0027-z},
}

@article{dutta2014,
    author = {Dutta, A. and Chugh, S. and Banerjee, A. and Dutta, A.},
    title = {Point-of-care-testing of standing posture with Wii balance board and Microsoft Kinect during transcranial direct current stimulation: a feasibility study},
    journal = {NeuroRehabilitation},
    volume = {34},
    pages = {789-798},
    year = {2014},
    doi = {10.3233/nre-141077},
    url = {https://doi.org/10.3233/nre-141077}, 
}

@article{flanagan2012,
    author = {Flanagan, Shawn D. and La Monica, Michael B. and Gunning, Joseph P. and Drake, Colin D. and Zavorsky, Gerald S. and Kenney, William L.},
    title = {Cortical activity during a highly-trained resistance exercise movement emphasizing force, power or volume},
    journal = {Brain Sciences},
    volume = {2},
    number = {4},
    pages = {649-666},
    year = {2012},
    doi = {10.3390/brainsci2040649},
    url = {https://doi.org/10.3390/brainsci2040649},
}

@article{freeman1977set,
    author = {Freeman, L.},
    title = {A set of measures of centrality based on betweenness},
    journal = {Sociometry},
    volume = {40},
    number = {1},
    pages = {35--41},
    year = {1977},
    doi = {10.2307/3033543},
    url = {http://dx.doi.org/10.2307/3033543}
}

@article{fregni2006,
    author = {Fregni, Felipe and Boggio, Paulo S. and Nitsche, Michael A. and Rigonatti, Silvio P. and Pascual-Leone, Alvaro},
    title = {Cognitive effects of repeated sessions of transcranial direct current stimulation in patients with depression},
    journal = {Depression and Anxiety},
    volume = {23},
    number = {8},
    pages = {482-484},
    year = {2006},
    doi = {10.1002/da.20201},
    url = {https://doi.org/10.1002/da.20201}, 
}

@article{gandiga2006,
    author = {Gandiga, P. C. and Hummel, F. C. and Cohen, L. G.},
    title = {Transcranial DC stimulation (tDCS): a tool for double-blind sham-controlled clinical studies in brain stimulation},
    journal = {Clinical Neurophysiology},
    volume = {117},
    pages = {845-850},
    year = {2006},
    doi = {10.1016/j.clinph.2005.12.003},
    url = {https://doi.org/10.1016/j.clinph.2005.12.003},
}

@article{gross2013,
    author = {Gross, J. and Baillet, S. and Barnes, G. R. and Henson, R. N. and Hillebrand, A. and Jensen, O. and Jerbi, K. and Litvak, V. and Maess, B. and Oostenveld, R. and Parkkonen, L. and Taylor, J. R. and van Wassenhove, V. and Wibral, M. and Schoffelen, J. M.},
    title = {Good practice for conducting and reporting MEG research},
    journal = {Neuroimage},
    volume = {65},
    pages = {349-363},
    year = {2013},
    doi = {10.1016/j.neuroimage.2012.10.001},
    url = {https://doi.org/10.1016/j.neuroimage.2012.10.001},
}

@article{haas1985,
    author = {Haas, F. and Distenfeld, S. and Axen, K.},
    title = {Effects of perceived musical rhythm on respiratory pattern},
    journal = {Journal of Applied Physiology},
    publisher = {NCBI},
    volume = {61},
    number = {3},
    pages = {1185-1191},
    year = {1985},
    doi = {10.1152/jappl.1986.61.3.1185},
    url = {https://doi.org/10.1152/jappl.1986.61.3.1185},
    note = {Acesso em: 01 de out. de 2022}
}

@article{jensen2007,
    author = {Jensen, O. and Colgin, L. L.},
    title = {Cross-frequency coupling between neuronal oscillations},
    journal = {Trends in Cognitive Sciences},
    volume = {11},
    number = {7},
    pages = {267-269},
    year = {2007},
    doi = {10.1016/j.tics.2007.05.003},
    url = {https://doi.org/10.1016/j.tics.2007.05.003},
}

@article{kaste1982,
    author = {Kaste, M. and others},
    title = {Is chronic brain damage in boxing a hazard of the past?},
    journal = {The Lancet},
    volume = {320},
    number = {8309},
    pages = {1186-1188},
    year = {1982},
    doi = {10.1016/S0140-6736(82)91203-X},
    url = {https://doi.org/10.1016/S0140-6736(82)91203-X},
}

@article{lachaux1999,
    author = {Lachaux, J.P. and Rodriguez, E. and Martinerie, J. and Varela, F.J.},
    title = {Measuring phase synchrony in brain signals},
    journal = {Human Brain Mapping},
    volume = {8},
    number = {4},
    pages = {194-208},
    year = {1999},
    doi = {10.1002/(SICI)1097-0193(1999)8:4<194::AID-HBM4>3.0.CO;2-C},
    url = {https://doi.org/10.1002/(SICI)1097-0193(1999)8:4<194::AID-HBM4>3.0.CO;2-C},
}

@article{lefaucheur2014,
    author = {Lefaucheur, Jean-Pascal and André-Obadia, Nicolas and Antal, Andrea and Ayache, Salim S. and Baeken, Chris and Benninger, Dominik H. and Cantello, Roberto and Cincotta, Massimo and de Carvalho, Mamede and De Ridder, Dirk and Devanne, Hervé and Di Lazzaro, Vincenzo and Filipović, Saša R. and Hummel, Friedhelm C. and Jääskeläinen, Sami K. and Kimiskidis, Vasilios K. and Koch, Giacomo and Langguth, Berthold and Nyffeler, Thomas and Oliviero, Antonio and Padberg, Frank and Poulet, Emmanuel and Rossi, Simone and Rossini, Paolo M. and Rothwell, John C. and Schönfeldt-Lecuona, Carlos and Siebner, Hartwig R. and Slotema, Christina W. and Stagg, Charlotte J. and Valls-Solé, Josep and Ziemann, Ulf and Paulus, Walter and Garcia-Larrea, Luis},
    title = {Evidence-based guidelines on the therapeutic use of repetitive transcranial magnetic stimulation (rTMS)},
    journal = {Clinical Neurophysiology},
    volume = {125},
    number = {11},
    pages = {2150--2206},
    year = {2014},
    doi = {10.1016/j.clinph.2014.05.021},
    url = {https://doi.org/10.1016/j.clinph.2014.05.021}
}

@article{li2022,
    author = {Li, Zheng and Zhao, Yue and Hu, Xiyang and Botta, Nicola and Ionescu, Cezar and Chen, George H.},
    title = {ECOD: Unsupervised Outlier Detection Using Empirical Cumulative Distribution Functions},
    journal = {IEEE Transactions on Knowledge and Data Engineering},
    year = {2022},
    doi = {10.1109/TKDE.2022.3159580},
    url = {https://doi.org/10.1109/TKDE.2022.3159580},
    note = {Accessed: 9 Mar. 2025}
}

@article{ludyga2015,
    author = {Ludyga, Sebastian and Gronwald, Thomas and Hottenrott, Kuno},
    title = {Do male and female cyclists’ cortical activity differ before and during cycling exercise?},
    journal = {Journal of Sport and Exercise Psychology},
    volume = {37},
    number = {6},
    pages = {617-625},
    year = {2015},
    doi = {10.1123/jsep.2015-0078},
    url = {https://doi.org/10.1123/jsep.2015-0078},
}

@article{machado2019,
    author = {Machado, Daniel G. da S. and Others},
    title = {Effect of transcranial direct current stimulation on exercise performance: a systematic review and meta-analysis},
    journal = {Brain Stimulation},
    volume = {12},
    number = {3},
    pages = {593-605},
    year = {2019},
    doi = {10.1016/j.brs.2018.12.227},
    url = {https://doi.org/10.1016/j.brs.2018.12.227},  
}

@article{mehta2013,
    author = {Mehta, R. K. and Parasuraman, R.},
    title = {Neuroergonomics: a review of applications to physical and cognitive work},
    journal = {Frontiers in Human Neuroscience},
    volume = {7},
    pages = {889},
    year = {2013},
    doi = {10.3389/fnhum.2013.00889},
    url = {https://doi.org/10.3389/fnhum.2013.00889},
}

@article{mierau2015,
    author = {Mierau, Andreas and Hülsdünker, Thorben and Strüder, Heiko K.},
    title = {Changes in cortical activity associated with adaptive behavior during repeated balance perturbation of unpredictable timing},
    journal = {Frontiers in Behavioral Neuroscience},
    volume = {9},
    pages = {272},
    year = {2015},
    doi = {10.3389/fnbeh.2015.00272},
    url = {https://doi.org/10.3389/fnbeh.2015.00272},
}

@article{moreira2021a,
    author = {Moreira, Alexandre et al.},
    title = {Effect of tDCS on well-being and autonomic function in professional male players after official soccer matches},
    journal = {Physiology \& Behavior},
    volume = {233},
    pages = {113351},
    year = {2021},
    doi = {10.1016/j.physbeh.2021.113351},
    url = {https://doi.org/10.1016/j.physbeh.2021.113351},
}

@article{moreira2021b,
    author = {Moreira, Alexandre et al.},
    title = {Effect of Transcranial Direct Current Stimulation on Professional Female Soccer Players’ Recovery Following Official Matches},
    journal = {Perceptual and Motor Skills},
    volume = {128},
    number = {4},
    pages = {1504-1529},
    year = {2021},
    doi = {10.1177/00315125211021239},
    url = {https://doi.org/10.1177/00315125211021239},
}

@article{moscaleski2022,
    author = {Moscaleski, Luciane et al.},
    title = {Does high-definition transcranial direct current stimulation change brain electrical activity in professional female basketball players during free-throw shooting?},
    journal = {Frontiers in Neuroergonomics},
    volume = {14},
    year = {2022},
    month = {set.},
    doi = {10.3389/fnrgo.2022.932542},
    url = {https://doi.org/10.3389/fnrgo.2022.932542},
}

@article{mormann2000,
    author = {Mormann, F. and Lehnertz, K. and David, P. and Elger, C.E.},
    title = {Mean phase coherence as a measure for phase synchronization and its application to the EEG of epilepsy patients},
    journal = {Physica D: Nonlinear Phenomena},
    volume = {144},
    number = {3-4},
    pages = {358-369},
    year = {2000},
    doi = {10.1016/S0167-2789(00)00087-7},
    url = {https://doi.org/10.1016/S0167-2789(00)00087-7}, 
}

@article{nakagawa2013,
    author = {Nakagawa, S. and Schielzeth, H.},
    title = {A general and simple method for obtaining R\textsuperscript{2} from generalized linear mixed-effects models},
    journal = {Methods in Ecology and Evolution},
    volume = {4},
    number = {2},
    pages = {133-142},
    year = {2013},
    doi = {10.1111/j.2041-210x.2012.00261.x},
    url = {https://doi.org/10.1111/j.2041-210x.2012.00261.x},
}

@book{newman2010networks,
    author = {Newman, M. E. J.},
    title = {Networks: An Introduction},
    publisher = {Oxford University Press},
    year = {2010},
    doi = {10.1093/acprof:oso/9780199206650.001.0001},
    url = {https://doi.org/10.1093/acprof:oso/9780199206650.001.0001}
}

@article{nitsche2000,
    author = {Nitsche, Michael A. and Paulus, Walter},
    title = {Excitability changes induced in the human motor cortex by weak transcranial direct current stimulation},
    journal = {The Journal of Physiology},
    volume = {527},
    number = {Pt 3},
    pages = {633},
    year = {2000},
    doi = {10.1111/j.1469-7793.2000.t01-1-00633.x},
    url = {https://doi.org/10.1111/j.1469-7793.2000.t01-1-00633.x},
}

@article{nitsche2001,
    author = {Nitsche, Michael A. and Paulus, Walter},
    title = {Sustained excitability elevations induced by transcranial DC motor cortex stimulation in humans},
    journal = {Neurology},
    volume = {57},
    number = {10},
    pages = {1899-1901},
    year = {2001},
    doi = {10.1212/WNL.57.10.1899},
    url = {https://doi.org/10.1212/WNL.57.10.1899}, 
}

@article{nitsche2003a,
    author = {Nitsche, Michael A. and Liebetanz, D. and Antal, A. and Lang, N. and Tergau, F. and Paulus, Walter},
    title = {Modulation of cortical excitability by weak direct current stimulation–technical, safety and functional aspects},
    journal = {Supplements to Clinical Neurophysiology},
    volume = {56},
    pages = {255-276},
    year = {2003},
    doi = {10.1016/s1567-424x(09)70230-2},
    url = {https://doi.org/10.1016/s1567-424x(09)70230-2}, 
}

@article{nitsche2005,
    author = {Nitsche, Michael A. and Liebetanz, Dirk and Lang, Nik and Antal, Andrea and Tergau, Florian and Paulus, Walter},
    title = {Modulating parameters of excitability during and after transcranial direct current stimulation of the human motor cortex},
    journal = {The Journal of Physiology},
    volume = {568},
    number = {1},
    pages = {291-303},
    year = {2005},
    doi = {10.1113/jphysiol.2005.092429},
    url = {https://doi.org/10.1113%2Fjphysiol.2005.092429},
}

@article{okano2013,
  author    = {Alexandre Hideki Okano and Rafael Ayres Montenegro and Paulo de Tarso Veras Farinatti and Li Min Li and Andr{\'e} Russowsky Brunoni and Eduardo Bodnariuc Fontes},
  title     = {Estimula{\c{c}}{\~a}o cerebral na promo{\c{c}}{\~a}o da sa{\'u}de e melhoria do desempenho f{\'i}sico},
  journal   = {Revista Brasileira de Educa{\c{c}}{\~a}o F{\'i}sica e Esporte},
  volume    = {27},
  number    = {2},
  pages     = {315--332},
  year      = {2013},
  doi       = {10.1590/S1807-55092013005000009},
  url       = {https://www.scielo.br/j/rbefe/a/5zr3C6dcb9D9L4FNQN5b9Yt/},
}

@article{okano2015,
    author = {Okano, Alexandre Hideki and Fontes, Eduardo B. and Montenegro, Renato A. and Farinatti, Paulo de Tarso Veras and Cyrino, Edilson S. and Li, Li and Bikson, Marom and Noakes, Timothy D.},
    title = {Brain stimulation modulates the autonomic nervous system, rating of perceived exertion and performance during maximal exercise},
    journal = {British Journal of Sports Medicine},
    volume = {49},
    number = {18},
    pages = {1213-1218},
    year = {2015},
    doi = {10.1136/bjsports-2012-091658},
    url = {https://doi.org/10.1136/bjsports-2012-091658},
}

@article{park2019,
    author = {Park, S.-B. and Sung, D. J. and Kim, B. and Kim, S. and Han, J.-K.},
    title = {Transcranial direct current stimulation of motor cortex enhances running performance},
    journal = {PLoS One},
    volume = {14},
    pages = {e0211902},
    year = {2019},
    doi = {10.1371/journal.pone.0211902},
    url = {https://doi.org/10.1371/journal.pone.0211902},
}

@article{picton2000,
    author = {Picton, T. W. and others},
    title = {Guidelines for using human event-related potentials to study cognition: Recording standards and publication criteria},
    journal = {Psychophysiology},
    volume = {37},
    number = {2},
    pages = {127-152},
    year = {2000},
    doi = {10.1017/S0048577200000305},
    url = {http://dx.doi.org/10.1017/S0048577200000305},
}

@article{polania2012,
    author = {Polanía, Rafael and Paulus, Walter and Nitsche, Michael A.},
    title = {Modulating cortico‐striatal and thalamo‐cortical functional connectivity with transcranial direct current stimulation},
    journal = {Human Brain Mapping},
    volume = {33},
    number = {10},
    pages = {2499-2508},
    year = {2012},
    doi = {10.1002/hbm.21380},
    url = {https://doi.org/10.1002%2Fhbm.21380}, 
}

@article{priori1998,
    author = {Priori, Alberto and Berardelli, Alfredo and Rona, Stefano and Accornero, Natale and Manfredi, Maurizio},
    title = {Polarization of the human motor cortex through the scalp},
    journal = {Neuroreport},
    volume = {9},
    number = {10},
    pages = {2257-2260},
    year = {1998},
    doi = {10.1097/00001756-199807130-00020},
    url = {https://doi.org/10.1097/00001756-199807130-00020},
}

@article{reinhart2017,
    author = {Reinhart, Robert M.G. and Cosman, Joshua D. and Fukuda, Keisuke and Woodman, Geoffrey F.},
    title = {Using transcranial direct-current stimulation (tDCS) to understand cognitive processing},
    journal = {Attention, Perception, \& Psychophysics},
    volume = {79},
    number = {1},
    pages = {3-23},
    year = {2017},
    doi = {10.3758/s13414-016-1224-2},
    url = {https://doi.org/10.3758/s13414-016-1224-2},
}

@article{ross2014,
    author = {Ross, Charlotte and McCoy, Brianna and Coslett, H. Branch and Olson, Ingrid R.},
    title = {Connectivity between right inferior frontal gyrus and supplementary motor area predicts after-effects of right frontal cathodal tDCS on picture naming speed},
    journal = {Brain Stimulation},
    volume = {7},
    number = {1},
    pages = {122-129},
    year = {2014},
    doi = {10.1016/j.brs.2013.08.007},
    url = {https://doi.org/10.1016/j.brs.2013.08.007},
}

@article{rubinov2010complex,
    author = {Rubinov, M. and Sporns, O.},
    title = {Complex network measures of brain connectivity: Uses and interpretations},
    journal = {Neuroimage},
    volume = {52},
    number = {3},
    pages = {1059--1069},
    year = {2010},
    doi = {10.1016/j.neuroimage.2009.10.003},
    url = {https://doi.org/10.1016/j.neuroimage.2009.10.003}
}

@article{saimpont2016,
    author = {Saimpont, A. and Mercier, C. and Malouin, F. and Jackson, P. L. and Richards, C. L. and Doyon, J. and Bouyer, L. J. and Fecteau, S.},
    title = {Anodal transcranial direct current stimulation enhances the effects of motor imagery training in a finger tapping task},
    journal = {European Journal of Neuroscience},
    volume = {43},
    pages = {113-119},
    year = {2016},
    doi = {10.1111/ejn.13122},
    url = {https://doi.org/10.1111/ejn.13122},
}

@article{schnitzler2005,
    author = {Schnitzler, Alfons and Gross, Joachim},
    title = {Normal and pathological oscillatory communication in the brain},
    journal = {Nature Reviews Neuroscience},
    volume = {6},
    number = {4},
    pages = {285-296},
    year = {2005},
    doi = {10.1038/nrn1650},
    url = {https://doi.org/10.1038/nrn1650},
}

@article{seraj2018,
    author = {Seraj, E.},
    title = {Cerebral Synchrony Assessment Tutorial: A General Review on Cerebral Signals’ Synchronization Estimation Concepts and Methods},
    year = {2018},
    howpublished = {Shiraz University},
    url = {http://arxiv.org/abs/1612.04295v2},
    note = {Accessed: 17 Jan. 2025},
}

@inproceedings{severens2012,
    author = {Severens, M. and Nienhuis, B. and Desain, P. and Duysens, J.},
    title = {Feasibility of measuring event related desynchronization with electroencephalography during walking},
    booktitle = {Conference Proceedings IEEE Engineering in Medicine and Biology Society},
    pages = {2764-2767},
    year = {2012},
    doi = {10.1109/EMBC.2012.6346537},
    url = {http://dx.doi.org/10.1109/EMBC.2012.6346537},
}

@article{sorrentino2022,
    author = {Sorrentino, P. and Ambrosanio, M. and Rucco, R. and Cabral, J. and Gollo, L. L. and Breakspear, M. and Baselice, F.},
    title = {Detection of cross-frequency coupling between brain areas: an extension of phase linearity measurement},
    journal = {Frontiers in Neuroscience},
    volume = {16},
    year = {2022},
    doi = {10.3389/fnins.2022.846623},
    url = {https://www.frontiersin.org/articles/10.3389/fnins.2022.846623/full},
}

@article{stagg2011,
    author = {Stagg, Charlotte J. and Nitsche, Michael A.},
    title = {Physiological basis of transcranial direct current stimulation},
    journal = {The Neuroscientist},
    volume = {17},
    number = {1},
    pages = {37-53},
    year = {2011},
    doi = {10.1177/1073858410386614},
    url = {https://doi.org/10.1177/1073858410386614},
}

@article{steinberg2019,
    author = {Steinberg, Fabian and Pixa, Nils Henrik and Fregni, Felipe},
    title = {A review of acute aerobic exercise and transcranial direct current stimulation effects on cognitive functions and their potential synergies},
    journal = {Frontiers in Human Neuroscience},
    volume = {12},
    pages = {534},
    year = {2019},
    doi = {10.3389/fnhum.2018.00534},
    url = {https://doi.org/10.3389/fnhum.2018.00534},
}

@article{tallon1997,
    author = {Tallon-Baudry, C. and Bertrand, O. and Delpuech, C. and Permier, J.},
    title = {Oscillatory gamma-band (30-70 Hz) activity induced by a visual search task in humans},
    journal = {Journal of Neuroscience},
    volume = {17},
    number = {2},
    pages = {722-734},
    year = {1997},
    doi = {10.1523/jneurosci.17-02-00722.1997},
    url = {https://doi.org/10.1523/jneurosci.17-02-00722.1997},
}

@article{vangerven2009,
    author = {Van Gerven, M. and others},
    title = {The brain-computer interface cycle},
    journal = {Journal of Neural Engineering},
    volume = {6},
    pages = {41001},
    year = {2009},
    doi = {10.1088/1741-2560/6/4/041001},
    url = {http://dx.doi.org/10.1088/1741-2560/6/4/041001},
}

@article{varela2001,
    author = {Varela, Francisco and Lachaux, Jean-Philippe and Rodriguez, Eugenio and Martinerie, Jacques},
    title = {The brainweb: phase synchronization and large-scale integration},
    journal = {Nature Reviews Neuroscience},
    volume = {2},
    number = {4},
    pages = {229-239},
    year = {2001},
    doi = {10.1038/35067550},
    url = {https://doi.org/10.1038/35067550},
}

@article{vitor-costa2015,
    author = {Vitor-Costa, Marcelo and Okuno, Nilo Massaru and Bortolotti, Henrique and Bertollo, Maurizio and Boggio, Paulo Sergio and Fregni, Felipe and Altimari, Leandro Ricardo},
    title = {Improving cycling performance: transcranial direct current stimulation increases time to exhaustion in cycling},
    journal = {PLOS ONE},
    volume = {10},
    number = {12},
    pages = {e0144916},
    year = {2015},
    doi = {10.1371/journal.pone.0144916},
    url = {https://doi.org/10.1371/journal.pone.0144916},
}

@article{yarrow2009,
    author = {Yarrow, Kielan and Brown, Peter and Krakauer, John W.},
    title = {Inside the brain of an elite athlete: the neural processes that support high achievement in sports},
    journal = {Nature Reviews Neuroscience},
    volume = {10},
    number = {8},
    pages = {585-596},
    year = {2009},
    doi = {10.1038/nrn2672},
    url = {http://dx.doi.org/10.1038/nrn2672},
}

@article{boukrina2020,
    author = {Boukrina, Olga and Kucukboyaci, N. E. and Dobryakova, E.},
    title = {Considerations of power and sample size in rehabilitation research},
    journal = {International Journal of Psychophysiology},
    year = {2020},
    doi = {10.1016/j.ijpsycho.2019.08.009},
    url = {https://doi.org/10.1016/j.ijpsycho.2019.08.009},
}

@article{zhang2024,
    author = {Zhang, Jun-Peng and Zhu, Ping and Cai, Zeng-Liang and others},
    title = {Sports promote brain evolution: a resting-state fMRI study of volleyball athletes},
    journal = {Frontiers in Sports and Active Living},
    year = {2024},
    doi = {10.3389/fspor.2024.1393988},
    url = {https://doi.org/10.3389/fspor.2024.1393988},
}

@article{gupta2018,
    author = {Gupta, T. and Dean, D. and Kelley, N. J. and Bernard, J. and Ristanovic, I. and Mittal, V.},
    title = {Cerebellar Transcranial Direct Current Stimulation Improves Procedural Learning in Nonclinical Psychosis: A Double-Blind Crossover Study},
    journal = {Schizophrenia Bulletin},
    volume = {44},
    number = {6},
    pages = {1373-1380},
    year = {2018},
    doi = {10.1093/schbul/sbx179},
    url = {https://doi.org/10.1093/schbul/sbx179},
}

@article{ikeda2019,
    author = {Ikeda, T. and Takahashi, T. and Hiraishi, H. and Saito, D. and Kikuchi, M.},
    title = {Anodal Transcranial Direct Current Stimulation Induces High Gamma-Band Activity in the Left Dorsolateral Prefrontal Cortex During a Working Memory Task: A Double-Blind, Randomized, Crossover Study},
    journal = {Frontiers in Human Neuroscience},
    volume = {13},
    pages = {136},
    year = {2019},
    doi = {10.3389/fnhum.2019.00136},
    url = {https://doi.org/10.3389/fnhum.2019.00136},
}

@article{grandperrin2020,
    author = {Grandperrin, Y. and Grosprêtre, S. and Nicolier, M. and Gimenez, P. and Vidal, C. and Haffen, E. and Bennabi, D.},
    title = {Effect of transcranial direct current stimulation on sports performance for two profiles of athletes (power and endurance) (COMPETE): a protocol for a randomised, crossover, double blind, controlled exploratory trial},
    journal = {Trials},
    volume = {21},
    year = {2020},
    doi = {10.1186/s13063-020-04412-0},
    url = {https://doi.org/10.1186/s13063-020-04412-0},
}

@article{dumont2018,
    author = {Dumont, L. and El Mouderrib, S. and Théoret, H.},
    title = {Randomized, crossover, sham-controlled, double-blind study of transcranial direct current stimulation of left DLPFC on executive functions},
    journal = {Restorative Neurology and Neuroscience},
    volume = {36},
    number = {6},
    pages = {755--766},
    year = {2018},
    doi = {10.3233/RNN-180872},
    url = {https://doi.org/10.3233/RNN-180872},
}

@article{buchanan2023,
    author = {Buchanan, D. and Amare, S. and Gaumond, G. and D’Angiulli, A. and Robaey, P.},
    title = {Safety and Tolerability of tDCS across Different Ages, Sexes, Diagnoses, and Amperages: A Randomized Double-Blind Controlled Study},
    journal = {Journal of Clinical Medicine},
    volume = {12},
    year = {2023},
    doi = {10.3390/jcm12134346},
    url = {https://doi.org/10.3390/jcm12134346},
}

@article{pueo2016,
    author = {Pueo, Basilio},
    title = {High Speed Cameras for Motion Analysis in Sports Science},
    journal = {Journal of Human Sport and Exercise},
    volume = {11},
    number = {1},
    pages = {53--73},
    year = {2016},
    doi = {10.14198/JHSE.2016.111.05},
    url = {https://doi.org/10.14198/JHSE.2016.111.05},   
}

@article{jeng2012,
    author = {Jeng, Yih and Wu, Hsin-Chun},
    title = {Frequency Identification of Vibration Signals Using Video Camera Image Data},
    journal = {Sensors},
    volume = {12},
    number = {10},
    pages = {13871--13891},
    year = {2012},
    doi = {10.3390/s121013871},
    url = {https://doi.org/10.3390/s121013871},
}

@article{busca2014,
    author = {Busca, Gianluca and Ghislanzoni, G. L. and Zappa, E.},
    title = {Indexes for Performance Evaluation of Cameras Applied to Dynamic Measurements},
    journal = {Measurement},
    volume = {52},
    pages = {137--145},
    year = {2014},
    doi = {10.1016/J.MEASUREMENT.2014.02.006},
    url = {https://doi.org/10.1016/J.MEASUREMENT.2014.02.006},
}

@article{leys2013,
    author = {Leys, C. and Ley, C. and Klein, O. and Bernard, P. and Licata, L.},
    title = {Detecting outliers: Do not use standard deviation around the mean, use absolute deviation around the median},
    journal = {Journal of Experimental Social Psychology},
    volume = {49},
    number = {4},
    pages = {764--766},
    year = {2013},
    doi = {10.1016/j.jesp.2013.03.013},
    url = {https://doi.org/10.1016/j.jesp.2013.03.013},
}

@article{osborne2004,
    author = {Osborne, J. W. and Overbay, A.},
    title = {The power of outliers (and why researchers should ALWAYS check for them)},
    journal = {Practical Assessment, Research \& Evaluation},
    volume = {9},
    number = {6},
    pages = {1--12},
    year = {2004},
    doi = {10.7275/qf69-7k43},
    url = {https://doi.org/10.7275/qf69-7k43},
}

@book{wilcox2022,
  title={Introduction to Robust Estimation and Hypothesis Testing},
  author={Wilcox, Rand R.},
  year={2023},
  publisher={Academic Press},
  edition={5th},
  isbn={9780128200964}
}

@article{groppe2011,
    author = {Groppe, David M. and Urbach, Thomas P. and Kutas, Marta},
    title = {Mass univariate analysis of event-related brain potentials/fields I: A critical tutorial review},
    journal = {Psychophysiology},
    volume = {48},
    number = {12},
    pages = {1711--1725},
    year = {2011},
    doi = {10.1111/j.1469-8986.2011.01273.x},
    url = {https://doi.org/10.1111/j.1469-8986.2011.01273.x},
}